<?xml version="1.0" encoding="UTF-8"?><record xmlns="http://www.loc.gov/MARC21/slim" xmlns:cinclude="http://apache.org/cocoon/include/1.0" xmlns:zs="http://www.loc.gov/zing/srw/">
  <leader>00966cz  a2200229n  4500</leader>
  <controlfield tag="001">n  42009909 </controlfield>
  <controlfield tag="003">DLC</controlfield>
  <controlfield tag="005">20090318074941.0</controlfield>
  <controlfield tag="008">830204n| acaabaaan          |a ana      </controlfield>
  <datafield tag="010" ind1=" " ind2=" ">
    <subfield code="a">n  42009909 </subfield>
  </datafield>
  <datafield tag="035" ind1=" " ind2=" ">
    <subfield code="a">(OCoLC)oca00009376</subfield>
  </datafield>
  <datafield tag="040" ind1=" " ind2=" ">
    <subfield code="a">DLC</subfield>
    <subfield code="b">eng</subfield>
    <subfield code="c">DLC</subfield>
    <subfield code="d">DLC</subfield>
    <subfield code="d">OCoLC</subfield>
  </datafield>
  <datafield tag="130" ind1=" " ind2="0">
    <subfield code="a">Dossiers de la D.P.A.</subfield>
    <subfield code="p">Série "Produits-pays"</subfield>
  </datafield>
  <datafield tag="410" ind1="1" ind2=" ">
    <subfield code="w">nnaa</subfield>
    <subfield code="a">France.</subfield>
    <subfield code="b">Centre français du commerce extérieur.</subfield>
    <subfield code="b">Direction des produits agro-alimentaires.</subfield>
    <subfield code="t">Dossiers de la D.P.A. :</subfield>
    <subfield code="p">Série Produits-pays</subfield>
  </datafield>
  <datafield tag="410" ind1="2" ind2=" ">
    <subfield code="a">Centre français du commerce extérieur.</subfield>
    <subfield code="b">Direction des produits agro-alimentaires.</subfield>
    <subfield code="t">Dossiers de la D.P.A.</subfield>
    <subfield code="p">Série "Produits-pays"</subfield>
  </datafield>
  <datafield tag="430" ind1=" " ind2="0">
    <subfield code="a">Dossiers de la DPA.</subfield>
    <subfield code="p">Série "Produits-pays"</subfield>
  </datafield>
  <datafield tag="643" ind1=" " ind2=" ">
    <subfield code="a">Paris</subfield>
    <subfield code="b">Centre français du commerce extérieur. Direction des produits agro-alimentaires</subfield>
  </datafield>
  <datafield tag="644" ind1=" " ind2=" ">
    <subfield code="a">f</subfield>
    <subfield code="5">DLC</subfield>
  </datafield>
  <datafield tag="645" ind1=" " ind2=" ">
    <subfield code="a">t</subfield>
    <subfield code="5">DLC</subfield>
  </datafield>
  <datafield tag="646" ind1=" " ind2=" ">
    <subfield code="a">s</subfield>
    <subfield code="5">DLC</subfield>
  </datafield>
  <datafield tag="667" ind1=" " ind2=" ">
    <subfield code="a">Document</subfield>
  </datafield>
  <datafield tag="670" ind1=" " ind2=" ">
    <subfield code="a">Loi sur le compte d'investissement aux Pays-Bas, 1979.</subfield>
  </datafield>
</record>